%apps

@inproceedings{Cidr13-explore,
  author    = {Ugur Cetintemel and Mitch Cherniack and Justin DeBrabant and Yanlei Diao and Kyriaki Dimitriadou and Alex Kalinin and Olga Papaemmanouil and Stan Zdonik},
  title     = {Query Steering for Interactive Data Exploration},
  booktitle = {6th Biennial Conference on Innovative Data Systems Research (CIDR)},
  year      = {2013},
  note = {To appear.}
}

@article{RoyDMSW12,
  author    = {Abhishek Roy and
               Yanlei Diao and
               Evan Mauceli and
               Yiping Shen and
               Bai-Lin Wu},
  title     = {Massive Genomic Data Processing and Deep Analysis},
  journal   = {PVLDB},
  volume    = {5},
  number    = {12},
  year      = {2012},
  pages     = {1906-1909},
  ee        = {http://vldb.org/pvldb/vol5/p1906_abhishekroy_vldb2012.pdf},
  bibsource = {DBLP, http://dblp.uni-trier.de}
}


@inproceedings{KuroseLMPPWZ06,
  author    = {James F. Kurose and
               Eric Lyons and
               David McLaughlin and
               David Pepyne and
               Brenda Philips and
               David Westbrook and
               Michael Zink},
  title     = {An End-User-Responsive Sensor Network Architecture for Hazardous
               Weather Detection, Prediction and Response},
  booktitle = {AINTEC},
  year      = {2006},
  pages     = {1-15},
}

@inproceedings{SzalayGKT00,
  author    = {Alexander S. Szalay and
               Peter Z. Kunszt and
               Ani Thakar and
               Jim Gray and
               Donald R. Slutz and
               Robert J. Brunner},
  title     = {Designing and Mining Multi-Terabyte Astronomy Archives:
               The Sloan Digital Sky Survey},
  booktitle = {SIGMOD Conference},
  year      = {2000},
  pages     = {451-462},
  ee        = {http://doi.acm.org/10.1145/342009.335439, db/conf/sigmod/SzalayGKT00.html},
  bibsource = {DBLP, http://dblp.uni-trier.de}
}

%others
@article{BehmBCGLOVDPT11,
  author    = {Alexander Behm and
               Vinayak R. Borkar and
               Michael J. Carey and
               Raman Grover and
               Chen Li and
               Nicola Onose and
               Rares Vernica and
               Alin Deutsch and
               Yannis Papakonstantinou and
               Vassilis J. Tsotras},
  title     = {ASTERIX: towards a scalable, semistructured data platform
               for evolving-world models},
  journal   = {Distributed and Parallel Databases},
  volume    = {29},
  number    = {3},
  year      = {2011},
  pages     = {185-216},
  ee        = {http://dx.doi.org/10.1007/s10619-011-7082-y},
  bibsource = {DBLP, http://dblp.uni-trier.de}
}

@article{ThusooSJSCALWM09,
  author    = {Ashish Thusoo and
               Joydeep Sen Sarma and
               Namit Jain and
               Zheng Shao and
               Prasad Chakka and
               Suresh Anthony and
               Hao Liu and
               Pete Wyckoff and
               Raghotham Murthy},
  title     = {Hive - A Warehousing Solution Over a Map-Reduce Framework},
  journal   = {PVLDB},
  volume    = {2},
  number    = {2},
  year      = {2009},
  pages     = {1626-1629},
  ee        = {http://www.vldb.org/pvldb/2/vldb09-938.pdf},
  bibsource = {DBLP, http://dblp.uni-trier.de}
}



% Generating databases
@inproceedings{BinnigKLO07,
  author    = {Carsten Binnig and
               Donald Kossmann and
               Eric Lo and
               M. Tamer {\"O}zsu},
  title     = {{QAGen}: Generating query-aware test databases},
  booktitle = {Proc. ACM SIGMOD International Conference on
               Management of Data (SIGMOD)},
  year      = {2007},
	month = jun,
  pages     = {341--352},
	publisher = {ACM},
}

@article{Lo:2010:GDQ,
 author = {Lo, Eric and Cheng, Nick and Hon, Wing-Kai},
 title = {Generating databases for query workloads},
 journal = {Proc. VLDB Endow.},
 issue_date = {September 2010},
 volume = {3},
 number = {1-2},
 month = sep,
 year = {2010},
 issn = {2150-8097},
 pages = {848--859},
 numpages = {12},
 url = {http://dl.acm.org/citation.cfm?id=1920841.1920950},
 acmid = {1920950},
 publisher = {VLDB Endowment},
} 

@inproceedings{Veanes:2010:QSS,
 author = {Veanes, Margus and Tillmann, Nikolai and de Halleux, Jonathan},
 title = {Qex: symbolic SQL query explorer},
 booktitle = {Proceedings of the 16th international conference on Logic for programming, artificial intelligence, and reasoning},
 series = {LPAR'10},
 year = {2010},
 isbn = {3-642-17510-4, 978-3-642-17510-7},
 location = {Dakar, Senegal},
 pages = {425--446},
 numpages = {22},
 url = {http://dl.acm.org/citation.cfm?id=1939141.1939165},
 acmid = {1939165},
 publisher = {Springer-Verlag},
 address = {Berlin, Heidelberg},
} 

@inproceedings{Arasu:2011:DGU,
 author = {Arasu, Arvind and Kaushik, Raghav and Li, Jian},
 title = {Data generation using declarative constraints},
 booktitle = {Proc. ACM SIGMOD International Conference on Management of Data (SIGMOD)},
 year = {2011},
 month = jun,
 pages = {685--696},
 publisher = {ACM},
} 


% Applications
@inproceedings{Alexe:2010:CSM,
 author = {Alexe, Bogdan and Kolaitis, Phokion G. and Tan, Wang-Chiew},
 title = {Characterizing schema mappings via data examples},
 booktitle = {Proceedings of the twenty-ninth ACM SIGMOD-SIGACT-SIGART symposium on Principles of database systems},
 series = {PODS '10},
 year = {2010},
 isbn = {978-1-4503-0033-9},
 location = {Indianapolis, Indiana, USA},
 pages = {261--272},
 numpages = {12},
 url = {http://doi.acm.org/10.1145/1807085.1807120},
 doi = {10.1145/1807085.1807120},
 acmid = {1807120},
 publisher = {ACM},
 address = {New York, NY, USA},
 keywords = {data examples, data exchange, data integration, schema mappings},
} 

@article{Alexe:2011:CSM,
 author = {Alexe, Bogdan and Cate, Balder TEN and Kolaitis, Phokion G. and Tan, Wang-Chiew},
 title = {Characterizing schema mappings via data examples},
 journal = {ACM Trans. Database Syst.},
 issue_date = {December 2011},
 volume = {36},
 number = {4},
 month = dec,
 year = {2011},
 issn = {0362-5915},
 pages = {23:1--23:48},
 articleno = {23},
 numpages = {48},
 url = {http://doi.acm.org/10.1145/2043652.2043656},
 doi = {10.1145/2043652.2043656},
 acmid = {2043656},
 publisher = {ACM},
 address = {New York, NY, USA},
 keywords = {Schema mappings, data examples, data exchange, data integration},
} 

@inproceedings{Alexe:2011:DRS,
 author = {Alexe, Bogdan and ten Cate, Balder and Kolaitis, Phokion G. and Tan, Wang-Chiew},
 title = {Designing and refining schema mappings via data examples},
 booktitle = {Proceedings of the 2011 ACM SIGMOD International Conference on Management of data},
 series = {SIGMOD '11},
 year = {2011},
 isbn = {978-1-4503-0661-4},
 location = {Athens, Greece},
 pages = {133--144},
 numpages = {12},
 url = {http://doi.acm.org/10.1145/1989323.1989338},
 doi = {10.1145/1989323.1989338},
 acmid = {1989338},
 publisher = {ACM},
 address = {New York, NY, USA},
 keywords = {data examples, data exchange, data integration, schema mappings},
} 

@inproceedings{Welbourne:2010:SVC,
 author = {Welbourne, Evan and Balazinska, Magdalena and Borriello, Gaetano and Fogarty, James},
 title = {Specification and verification of complex location events with panoramic},
 booktitle = {Proceedings of the 8th international conference on Pervasive Computing},
 series = {Pervasive'10},
 year = {2010},
 isbn = {3-642-12653-7, 978-3-642-12653-6},
 location = {Helsinki, Finland},
 pages = {57--75},
 numpages = {19},
 url = {http://dx.doi.org/10.1007/978-3-642-12654-3_4},
 doi = {10.1007/978-3-642-12654-3_4},
 acmid = {2166622},
 publisher = {Springer-Verlag},
 address = {Berlin, Heidelberg},
} 


@inproceedings {orm-ase07,
  author = "Yannis Smaragdakis and Christoph Csallner and Ranjith Subramanian",
  title = "Scalable Automatic Test Data Generation from Modeling Diagrams",
  booktitle = "{A}utomated {S}oftware {E}ngineering conference ({ASE})",
  year="2007",
  publisher = "ACM Press",
  pages= {4--13},
  month=nov
}

@inproceedings{Khalek:2011:STD:1989760.1990071,
 author = {Khalek, Shadi Abdul and Khurshid, Sarfraz},
 title = {Systematic Testing of Database Engines Using a Relational Constraint Solver},
 booktitle = {Proceedings of the 2011 Fourth IEEE International Conference on Software Testing, Verification and Validation},
 series = {ICST '11},
 year = {2011},
 isbn = {978-0-7695-4342-0},
 pages = {50--59},
 numpages = {10},
 url = {http://dx.doi.org/10.1109/ICST.2011.21},
 doi = {10.1109/ICST.2011.21},
 acmid = {1990071},
 publisher = {IEEE Computer Society},
 address = {Washington, DC, USA},
 keywords = {SQL, Alloy, Database, Automatic testing, DBMS, Constraint Solver},
} 

@inproceedings{DBLP:conf/tap/SmaragdakisC07,
  author    = {Yannis Smaragdakis and
               Christoph Csallner},
  title     = {Combining Static and Dynamic Reasoning for Bug Detection},
  booktitle = {TAP},
  year      = {2007},
  pages     = {1-16},
  ee        = {http://dx.doi.org/10.1007/978-3-540-73770-4_1},
  crossref  = {DBLP:conf/tap/2007},
  bibsource = {DBLP, http://dblp.uni-trier.de}
}

@proceedings{DBLP:conf/tap/2007,
  editor    = {Yuri Gurevich and
               Bertrand Meyer},
  title     = {Tests and Proofs, First International Conference, TAP 2007,
               Zurich, Switzerland, February 12-13, 2007. Revised Papers},
  booktitle = {TAP},
  publisher = {Springer},
  series    = {Lecture Notes in Computer Science},
  volume    = {4454},
  year      = {2007},
  isbn      = {978-3-540-73769-8},
  bibsource = {DBLP, http://dblp.uni-trier.de}
}
