@string{CAV = "Conference on Computer-Aided Verification (CAV)"}
@string{SHORTCAV = "Computer-Aided Verification (CAV)"}
@string{NAMECAV = "Computer-Aided Verification"}
@string{ABBREVCAV = "CAV"}

@string{CC = "Conference on Compiler Construction (CC)"}
@string{SHORTCC = "Compiler Construction (CC)"}
@string{NAMECC = "Compiler Construction"}
@string{ABBREVCC = "CC"}

@string{ECOOP = "European Conference on Object-Oriented Programming (ECOOP)"}
@string{SHORTECOOP = "Object-Oriented Programming (ECOOP)"}
@string{NAMEECOOP = "Object-Oriented Programming"}
@string{ABBREVECOOP = "ECOOP"}

@string{ESOP = "European Symposium on Programming (ESOP)"}
@string{SHORTESOP = "European Symposium on Programming (ESOP)"}
@string{NAMEESOP = "European Symposium on Programming"}
@string{ABBREVESOP = "ESOP"}
                  
@string{ASE = "IEEE International Conference on Automated Software Engineering (ASE)"}
@string{SHORTASE = "Automated Software Engineering (ASE)"}
@string{NAMEASE = "Automated Software Engineering"}
@string{ABBREVASE = "ASE"}

@string{FMCO = "Symposium on Formal Methods for Components and Objects (FMCO)"}
@string{SHORTFMCO = "Formal Methods for Components and Objects (FMCO)"}
@string{NAMEFMCO = "Formal Methods for Components and Objects"}
@string{ABBREVFMCO = "Formal Methods for Components and Objects"}

@string{FSTTCS = "Conference on Foundations of Software Technology and Theoretical Computer Science (FSTTCS)"}
@string{SHORTFSTTCS = "Foundations of Software Technology and Theoretical Computer Science (FSTTCS)"}
@string{NAMEFSTTCS = "Foundations of Software Technology and Theoretical Computer Science"}
@string{ABBREVFSTTCS = "Foundations of Software Technology and Theoretical Computer Science"}

@string{GPCE ="Conference on Generative Programming and Component Engineering (GPCE)"}
@string{SHORTGPCE ="Generative Programming and Component Engineering (GPCE)"}
@string{NAMEGPCE ="Generative Programming and Component Engineering"}
@string{ABBREVGPCE ="Generative Programming and Component Engineering"}

@string{ICSM = "International Conference on Software Maintenance (ICSM)"}
@string{SHORTICSM = "Software Maintenance (ICSM)"}
@string{NAMEICSM = "Software Maintenance"}
@string{ABBREVICSM = "Software Maintenance"}

@string{ISSTA = "International Symposium on Software Testing and Analysis (ISSTA)"}
@string{SHORTISSTA = "Software Testing and Analysis (ISSTA)"}
@string{NAMEISSTA = "Software Testing and Analysis"}
@string{ABBREVISSTA = "ISSTA"}

@string{IWPC = "International Workshop on Program Comprehension (IWPC)"}
@string{SHORTIWPC = "Program Comprehension (IWPC)"}
@string{NAMEIWPC = "Program Comprehension"}
@string{ABBREVIWPC = "Program Comprehension"}

@string{LICS = "Symposium on Logic in Computer Science (LICS)"}
@string{SHORTLICS = "Logic in Computer Science (LICS)"}
@string{NAMELICS = "Logic in Computer Science"}
@string{ABBREVLICS = "LICS"}

@string{OOPSLA = "Conference on Object-Oriented Programming Systems, Languages, and Applications (OOPSLA)"}
@string{SHORTOOPSLA = "Object-Oriented Programming Systems, Languages, and Applications (OOPSLA)"}
@string{NAMEOOPSLA = "Object-Oriented Programming Systems, Languages, and Applications"}
@string{ABBREVOOPSLA = "OOPSLA"}

@string{PASTE = "Workshop on Program Analysis for Software Tools and Engineering (PASTE)"}
@string{SHORTPASTE = "Program Analysis for Software Tools and Engineering (PASTE)"}
@string{NAMEPASTE = "Program Analysis for Software Tools and Engineering"}
@string{ABBREVPASTE = "Program Analysis for Software Tools and Engineering"}

@string{PLDI = "Conference on Programming Language Design and Implementation (PLDI)"}
@string{SHORTPLDI = "Programming Language Design and Implementation (PLDI)"}
@string{NAMEPLDI = "Programming Language Design and Implementation"}
@string{ABBREVPLDI = "PLDI"}

@string{POPL = "Symposium on Principles of Programming Languages (POPL)"}
@string{SHORTPOPL = "Principles of Programming Languages (POPL)"}
@string{NAMEPOPL = "Principles of Programming Languages"}
@string{ABBREVPOPL = "POPL"}

@string{ICFP = "International Conference on Functional Programming (ICFP)"}
@string{SHORTICFP = "Functional Programming (ICFP)"}
@string{NAMEICFP = "Functional Programming"}
@string{ABBREVICFP = "ICFP"}

@string{FPCA = "Functional Programming Languages and Computer Architecture (FPCA)"}
@string{SHORTFPCA = "Functional Programming / Computer Architecture"}
@string{NAMEFPCA = "Functional Programming Languages and Computer Architecture"}
@string{ABBREVFPCA = "FPCA"}

@string{SAS = "Static Analysis Symposium (SAS)"}
@string{SHORTSAS = "Static Analysis (SAS)"}
@string{NAMESAS = "Static Analysis"}
@string{ABBREVSAS = "SAS"}

@string{SPACE = "Workshop on Semantics, Program Analysis, and Computing Environments for Memory Management (SPACE)"}
@string{SHORTSPACE = "Semantics, Program Analysis, and Computing Environments for Memory Management (SPACE)"}
@string{NAMESPACE = "Semantics, Program Analysis, and Computing Environments for Memory Management"}
@string{ABBREVSPACE = "Semantics, Program Analysis, and Computing Environments for Memory Management"}

@string{TACAS = "Conference on Tools and Algorithms for the Construction and Analysis of Systems (TACAS)"}
@string{SHORTTACAS = "Tools and Algorithms for the Construction and Analysis of Systems (TACAS)"}
@string{NAMETACAS = "Tools and Algorithms for the Construction and Analysis of Systems"}
@string{ABBREVTACAS = "TACAS"}

@string{TLDI = "Workshop on Types in Language Design and Implementation (TLDI)"}
@string{SHORTTLDI = "Types in Language Design and Implementation (TLDI)"}
@string{NAMETLDI = "Types in Language Design and Implementation"}
@string{ABBREVTLDI = "TLDI"}

@string{VMCAI = "Conference on Verification, Model Checking, and Abstract Interpretation (VMCAI)"}
@string{SHORTVMCAI = "Verification, Model Checking, and Abstract Interpretation (VMCAI)"}
@string{NAMEVMCAI = "Verification, Model Checking, and Abstract Interpretation"}
@string{ABBREVVMCAI = "VMCAI"}

@string{WCRE = "Working Conference on Reverse Engineering (WCRE)"}
@string{SHORTWCRE = "Reverse Engineering (WCRE)"}
@string{NAMEWCRE = "Reverse Engineering"}
@string{ABBREVWCRE = "Reverse Engineering"}


@article{ antoy01evaluation,
    author = "Sergio Antoy",
    title = "Evaluation Strategies for Functional Logic Programming",
    journal = "Electronic Notes in Theoretical Computer Science",
    volume = "57",
    year = "2001",
    url = "citeseer.ist.psu.edu/antoy01evaluation.html" }

@inproceedings{hare,
  author="Huiqing Li and Claus Reinke and Simon Thompson",
  title="{Tool Support for Refactoring Functional Programs}",
  year = "2003",
  booktitle = "ACM Sigplan Haskell Workshop",
  pages = "27--38",
  editor = "J. Jeuring"
}


@book{pierce02tapl,
 author = {Pierce, Benjamin C.},
 title = {Types and programming languages},
 year = {2002},
 isbn = {0-262-16209-1},
 publisher = {MIT Press},
 address = {Cambridge, MA, USA}
}

@article{milner78inference,
    author = {Robin Milner},
    title = {A theory of type polymorphism in programming},
    journal = {Journal of Computer and System Sciences},
    year = {1978},
    volume = {17},
    pages = {348--375}
}

@book{sml97,
 author = {Robin Milner and Mads Tofte and Robert Harper and David MacQueen},
 title = {The {D}efinition of {S}tandard {ML} -- Revised},
 year = {1997},
 isbn = {0-262-63181-4},
 publisher = {MIT Press},
 address = {Cambridge, MA, USA},
}

@book{lp-book,
 author = {J. W. Lloyd},
 title = {Foundations of logic programming; (2nd extended ed.)},
 year = {1987},
 isbn = {3-540-18199-7},
 publisher = {Springer-Verlag New York, Inc.},
 address = {New York, NY, USA},
 }

@book{fowler1999,
  author =       "Martin Fowler and Kent Beck and John Brant and William Opdyke and Don Roberts",
  title =        "Refactoring: {I}mproving the {D}esign of {E}xisting {C}ode",
  publisher =    "Addison-Wesley",
  year =         "1999",
}

@book{beck2000,
  AUTHOR = {Kent Beck},
  TITLE = {e{X}treme Programming e{X}plained, {E}mbrace {C}hange},
  PUBLISHER = {Addison Wesley},
  YEAR = 2000
}

@book{ eclipse,
  author ="Sherry Shavor and Jim D'Anjou and Scott Fairbrother and Dan Kehn and John Kellerman and Pat McCarthy",
  title = "{The Java Developers Guide to Eclipse}",
  publisher="Addison-Wesley",
  month="May",
  year="2003"
}


@techreport{ griswold90program,
    author = "W. G. Griswold and D. Notkin",
    title = "{Program Restructuring as an Aid to Software Maintenance}",
    institution = "University of Washington",
    month = "August",
    address = "Seattle, WA, USA",
    year = "1990",
    url = "citeseer.ist.psu.edu/griswold91program.html" }



@article{ferrante-pdg,
 author = {Jeanne Ferrante and Karl J. Ottenstein and Joe D. Warren},
 title = {The program dependence graph and its use in optimization},
 journal = {ACM Trans. Program. Lang. Syst.},
 volume = {9},
 number = {3},
 year = {1987},
 issn = {0164-0925},
 pages = {319--349},
 doi = {http://doi.acm.org/10.1145/24039.24041},
 publisher = {ACM Press},
 address = {New York, NY, USA},
 }

@article{mens-survey,
 author = {Tom Mens and Tom Tourwe},
 title = {A Survey of Software Refactoring},
 journal = {IEEE Trans. Softw. Eng.},
 volume = {30},
 number = {2},
 year = {2004},
 issn = {0098-5589},
 pages = {126--139},
 doi = {http://dx.doi.org/10.1109/TSE.2004.1265817},
 publisher = {IEEE Press},
 address = {Piscataway, NJ, USA},
 }

@inproceedings{ward05fermat,
  author    = "Martin P. Ward and Hussein Zedan",
  title     = "Meta{WSL} and {M}eta-{T}ransformations in the {F}erma{T} {T}ransformation {S}ystem.",
  booktitle = {COMPSAC (1)},
  year      = {2005},
  pages     = {233-238},
  ee        = {http://doi.ieeecomputersociety.org/10.1109/COMPSAC.2005.107},
  bibsource = {DBLP, http://dblp.uni-trier.de}
}


@inproceedings{ smlnj,
    author = "Andrew W. Appel and David B. MacQueen",
    title = "{A Standard {ML} Compiler}",
    booktitle = "{Proceedings of the Conference on Functional Programming Languages and Computer Architecture}",
    volume = "274",
    publisher = "Springer, Berlin",
    address = "Portland, Oregon, USA, September 14--16",
    pages = "301--324",
    year = "1987",
    url = "citeseer.ist.psu.edu/appel87standard.html"
}

@article{arsac79syntactic,
 author = {Jacques J. Arsac},
 title = {Syntactic source to source transforms and program manipulation},
 journal = {Commun. ACM},
 volume = {22},
 number = {1},
 year = {1979},
 issn = {0001-0782},
 pages = {43--54},
 doi = {http://doi.acm.org/10.1145/359046.359057},
 publisher = {ACM Press},
 address = {New York, NY, USA},
 }

@Book{Russell2003, 
   AUTHOR = {Stuart Russell and Peter Norvig},
   TITLE = {Artificial Intelligence: A Modern Approach},
   PUBLISHER = {Prentice-Hall, Englewood Cliffs, NJ},
   YEAR = {2003},
   EDITION = {2nd}
}


@article{nguyen02planning,
    author = "XuanLong Nguyen and Subbarao Kambhampati and Romeo Sanchez Nigenda",
    title = "Planning graph as the basis for deriving heuristics for plan synthesis by state space and {CSP} search",
    journal = "Artificial Intelligence",
    volume = "135",
    number = "1-2",
    pages = "73-123",
    year = "2002",
    url = "citeseer.ist.psu.edu/nguyen02planning.html" }

@article{kniesel04composition,
 author = {G\"unter Kniesel and Helge Koch},
 title = {Static composition of refactorings},
 journal = {Sci. Comput. Program.},
 volume = {52},
 number = {1-3},
 year = {2004},
 issn = {0167-6423},
 pages = {9--51},
 doi = {http://dx.doi.org/10.1016/j.scico.2004.03.002},
 publisher = {Elsevier North-Holland, Inc.},
 address = {Amsterdam, The Netherlands, The Netherlands},
 }

@inproceedings{jtl2006,
  author="Tal Cohen and Joseph Gil and Itay Maman",
  title="{JTL} - the {J}ava {T}ools {L}anguage",
  note={to appear},
  year={2006},
  booktitle={Proceedings of the 21st ACM SIGPLAN Conference on Object-Oriented Programming},
}

@article{mens05graphevolution,
 author = {Tom Mens and Niels Van Eetvelde and Serge Demeyer and Dirk Janssens},
 title = {Formalizing refactorings with graph transformations: Research Articles},
 journal = {J. Softw. Maint. Evol.},
 volume = {17},
 number = {4},
 year = {2005},
 issn = {1532-060X},
 pages = {247--276},
 doi = {http://dx.doi.org/10.1002/smr.v17:4},
 publisher = {John Wiley \& Sons, Inc.},
 address = {New York, NY, USA},
 }

@inproceedings{mens02graphs,
 author = {Tom Mens and Serge Demeyer and Dirk Janssens},
 title = "{Formalising Behaviour Preserving Program Transformations}",
 booktitle = {ICGT '02: Proceedings of the First International Conference on Graph Transformation},
 year = {2002},
 isbn = {3-540-44310-X},
 pages = {286--301},
 publisher = {Springer-Verlag},
 address = {London, UK},
 }

@article{quine37foundations,
  author = {Williard Van Orman Quine},
  title = {New foundations for mathematical logic},
  journal = {American Mathematical Monthly},
  year = {1937},
  volume = {44},
  pages = {70--80}
}

@inproceedings{kanellakis89hindleymilner,
  author    = {Paris C. Kanellakis and
               John C. Mitchell},
  title     = {Polymorphic {Unification} and {ML} Typing.},
  booktitle = {POPL},
  year      = {1989},
  pages     = {105-115},
  bibsource = {DBLP, http://dblp.uni-trier.de}
}

@misc{ thompson01catalogue,
  author = "Simon Thompson and Claus Reinke",
  year = "2001",
  title = "A {C}atalogue of {F}unctional {R}efactorings, {V}ersion 1",
  url = "citeseer.ist.psu.edu/thompson01catalogue.html" }

@inproceedings{ullman89datalog,
 author = {J. D. Ullman},
 title = {Bottom-up beats top-down for datalog},
 booktitle = {PODS '89: Proceedings of the eighth ACM SIGACT-SIGMOD-SIGART symposium on Principles of database systems},
 year = {1989},
 isbn = {0-89791-308-6},
 pages = {140--149},
 location = {Philadelphia, Pennsylvania, United States},
 doi = {http://doi.acm.org/10.1145/73721.73736},
 publisher = {ACM Press},
 address = {New York, NY, USA},
 }

@conference{li-thompson2005,
author = {Huiqing Li and Simon Thompson},
title = {{Formalisation of Haskell Refactorings}},
month = {September},
year = {2005},
pages = {},
keywords = {Haskell, refactoring, proof, HaRe, generalisation, move, module},
note = {},
url = {http://www.cs.kent.ac.uk/pubs/2005/2250},
publication_type = {conference},
submission_id = {1857_1127662259},
booktitle = {Trends in Functional Programming},
editor = {Marko van Eekelen and Kevin Hammond},
refereed = {Yes},
}

@inproceeddings{ garagnani00correct,
  author = "M. Garagnani",
  title = "{A Correct Algorithm for Efficient Planning with Preprocessed Domain Axioms}",
  booktitle = "Proceedings of ES-2000, Cambridge, England (to appear)", 
  month = "December",
  year = "2000",
  url = "citeseer.ist.psu.edu/garagnani00correct.html" }

@article{nareyek05survey,
 author = {Alexander Nareyek and Eugene C. Freuder and Robert Fourer and Enrico Giunchiglia and Robert P. Goldman and Henry Kautz and Jussi Rintanen and Austin Tate},
 title = "{Constraints and AI Planning}",
 journal = {IEEE Intelligent Systems},
 volume = {20},
 number = {2},
 year = {2005},
 issn = {1541-1672},
 pages = {62--72},
 doi = {http://dx.doi.org/10.1109/MIS.2005.25},
 publisher = {IEEE Educational Activities Department},
 address = {Piscataway, NJ, USA},
 }

@article{ cejtin00flowdirected,
    author = "Henry Cejtin and Suresh Jagannathan and Stephen Weeks",
    title = "Flow-Directed Closure Conversion for Typed Languages",
    journal = "Lecture Notes in Computer Science",
    volume = "1782",
    pages = "56--??",
    year = "2000",
    url = "citeseer.ist.psu.edu/246244.html" }

@inproceedings{verbaere06jungl,
 author = {Mathieu Verbaere and Arnaud Payement and Oege de Moor},
 title = "{S}cripting refactorings with {J}un{GL}",
 OPTbooktitle = {OOPSLA '06: Companion to the 21st ACM SIGPLAN conference on Object-oriented programming systems, languages, and applications},
 booktitle = OOPSLA,
 year = {2006},
 isbn = {1-59593-491-X},
 pages = {651--652},
 publisher = {ACM},
 location = {Portland, Oregon, USA},
 _doi = {http://doi.acm.org/10.1145/1176617.1176656},
 _publisher = {ACM Press},
 _address = {New York, NY, USA},
 }

@inproceedings{garrido06formal,
  author = "Alejandra Garrido and Jos\'e Mesguer",
  title = "{Formal Specification and Verification of Java Refactorings}",
  booktitle = {Proceedings of the Sixth IEEE International Workshop on Source Code Analysis and Manipulation},
  year = "2006",
  month = "September",
  address = "Philadelphia, PA, USA"
}


@inproceedings{afrati91datalog-expressivity,
 author = {Foto Afrati and Stavros S. Cosmadakis and Mihalis Yannakakis},
 title = {On Datalog vs. polynomial time (extended abstract)},
 booktitle = {PODS '91: Proceedings of the tenth ACM SIGACT-SIGMOD-SIGART symposium on Principles of database systems},
 year = {1991},
 isbn = {0-89791-430-9},
 pages = {13--25},
 location = {Denver, Colorado, United States},
 doi = {http://doi.acm.org/10.1145/113413.113415},
 publisher = {ACM Press},
 address = {New York, NY, USA},
 }

@inproceedings{clement86miniml,
 author = {Dominique Cl\'ement and Thierry Despeyroux and Gilles Kahn and Jo\"elle Despeyroux},
 title = "{A simple applicative language: mini-ML}",
 booktitle = {LFP '86: Proceedings of the 1986 ACM conference on LISP and functional programming},
 year = {1986},
 isbn = {0-89791-200-4},
 pages = {13--27},
 location = {Cambridge, Massachusetts, United States},
 doi = {http://doi.acm.org/10.1145/319838.319847},
 publisher = {ACM Press},
 address = {New York, NY, USA},
 }


@inproceedings{sias00bdd,
 author = {John W. Sias and Wen-Mei W. Hwu and David I. August},
 title = {Accurate and efficient predicate analysis with binary decision diagrams},
 booktitle = {MICRO 33: Proceedings of the 33rd annual ACM/IEEE international symposium on Microarchitecture},
 year = {2000},
 isbn = {1-58113-196-8},
 pages = {112--123},
 location = {Monterey, California, United States},
 doi = {http://doi.acm.org/10.1145/360128.360141},
 publisher = {ACM Press},
 address = {New York, NY, USA},
 }

@inproceedings{whaley05datalog,
  author =       {John Whaley and Dzintars Avots and Michael Carbin and
                  Monica S. Lam},
  title =        {Using {Datalog} and Binary Decision Diagrams for
                  Program Analysis},
  booktitle =    {{P}roceedings of the 3rd {A}sian Symposium on 
                  {P}rogramming {L}anguages and {S}ystems},
  month =        nov,
  year =         {2005},
  editor =       {Kwangkeun Yi},
  volume =       {3780},
  series =       LNCS,
  publisher =    {Springer-Verlag},
}

@inproceedings{kfoury90dexptime,
 author = {A. J. Kfoury and J. Tiuryn and P. Urzyczyn},
 title = "{ML typability is DEXPTIME-complete}",
 booktitle = {CAAP '90: Proceedings of the fifteenth colloquium on CAAP'90},
 year = {1990},
 isbn = {0-387-52590-4},
 pages = {206--220},
 location = {Copenhagen, Denmark},
 publisher = {Springer-Verlag New York, Inc.},
 address = {New York, NY, USA},
 }

@article{knuth74structured,
 author = {Knuth, Donald E.},
 title = {Structured Programming with go to Statements},
 journal = {ACM Comput. Surv.},
 volume = {6},
 number = {4},
 year = {1974},
 issn = {0360-0300},
 pages = {261--301},
 doi = {http://doi.acm.org/10.1145/356635.356640},
 publisher = {ACM},
 address = {New York, NY, USA},
 }

@book{bloch01java,
 author = {Bloch, Joshua},
 title = {Effective Java programming language guide},
 year = {2001},
 isbn = {0-201-31005-8},
 publisher = {Sun Microsystems, Inc.},
 address = {Mountain View, CA, USA},
 }

@techreport{ reichenbach07pm-base,
    author = "Christoph Reichenbach and Amer Diwan",
    number = "CU-CS-1036-07",
    title = "{Program Metamorphosis}",
    institution = "University of Colorado at Boulder.",
    year = "2007" }

@inproceedings{reichenbach09pm,
 author = {Reichenbach, Christoph and Coughlin, Devin and Diwan, Amer},
 title = "{Program Metamorphosis}",
 OPTbooktitle = {Proceedings of the 23rd European Conference on ECOOP 2009 --- Object-Oriented Programming},
 booktitle = ECOOP,
 year = {2009},
 isbn = {978-3-642-03012-3},
 pages = {394--418},
 publisher = {Springer},
 _location = {Genoa, Italy}, 
 _doi = {http://dx.doi.org/10.1007/978-3-642-03013-0_18},
 _publisher = {Springer-Verlag},
 _address = {Berlin, Heidelberg},
 }

@inproceedings{vondincklage09intended,
  author = {Dincklage, Daniel von and Diwan, Amer},
  title = {Optimizing Programs with Intended Semantics},
  year = 2009,
  OPTbooktitle = {OOPSLA '09: Proceedings of the 24th ACM SIGPLAN conference on Object-oriented programming systems, languages, and applications},
  booktitle = OOPSLA
}

@article{henkel08debugging,
  author    = {Johannes Henkel and
               Christoph Reichenbach and
               Amer Diwan},
  title     = "{Developing and Debugging Algebraic Specifications for Java
               classes}",
  journal   = {ACM Trans. Softw. Eng. Methodol.},
  volume    = {17},
  number    = {3},
  year      = {2008},
  ee        = {http://doi.acm.org/10.1145/1363102.1363105},
  bibsource = {DBLP, http://dblp.uni-trier.de}
}

@article{henkel07discovering,
  author    = {Johannes Henkel and
               Christoph Reichenbach and
               Amer Diwan},
  title     = "{Discovering Documentation for Java Container Classes}",
  journal   = {IEEE Trans. Software Eng.},
  volume    = {33},
  number    = {8},
  year      = {2007},
  pages     = {526-543},
  ee        = {http://doi.ieeecomputersociety.org/10.1109/TSE.2007.70705},
  bibsource = {DBLP, http://dblp.uni-trier.de}
}

@InProceedings{ansel09petabricks,
  title     = "{PetaBricks}: A Language and Compiler for Algorithmic Choice",
  author    = "Jason Ansel and Cy Chan and Yee Lok Wong and Marek Olszewski and Qin Zhao and Alan Edelman and Saman Amarasinghe",
  OPTbooktitle = "ACM SIGPLAN Conference on Programming Language Design and Implementation",
  booktitle = PLDI,
  month     = "June",
  year      = "2009",
  address   = "Dublin, Ireland",
  keywords  = "PetaBricks",
  url       = "http://groups.csail.mit.edu/commit/papers/2009/ansel-pldi09.pdf",
  slides    = "http://groups.csail.mit.edu/commit/papers/2009/ansel-pldi09-slides.pdf",
}
@article{ChenTseChanChen1998,
	author={Chen, H. Y. and Tse, T. H. and Chan, F. T. and Chen, T. Y.},
	journal={ACM Transactions on Software Engineering},
	month=jul,
	number=3,
	title={In Black and White: An Integrated Approach to Class-Level Testing of Object Oriented Programs},
	volume=7,
	year=1998,
}
@article{DoongFrankl1994,
	author={Doong, R. and Frankl, P. G.},
	journal={ACM Transactions on Software Engineering},
	month=apr,
	number=2,
	title={The {ASTOOT} Approach to Testing Object-Oriented Programs},
	volume=3,
	year=1994,
}

@misc{ cornes-coq,
  author = "{Cristina Cornes and Judicael Courant and Jean-Christophe Filli\^atre and G\'erard Huet and Pascal Manoury and C\'esar Mu\~noz and Chetan Murthy and Catherine Parent et al.}",
  title = "The Coq Proof Assistant - Reference Manual V 5.10",
  url = "citeseer.ist.psu.edu/cornes95coq.html" }
@book{paulson94isabelle,
  author    = {Lawrence C. Paulson},
  title     = {Isabelle - A Generic Theorem Prover (with a contribution
               by T. Nipkow)},
  publisher = {Springer},
  series    = {Lecture Notes in Computer Science},
  volume    = {828},
  year      = {1994},
  isbn      = {3-540-58244-4},
  bibsource = {DBLP, http://dblp.uni-trier.de}
}

@book{GLT89,
        author =  "Jean-Yves Girard and Yves Lafont and Paul Taylor",
        title = "Proofs and Types",
        year = "1989",
        publisher = "Cambridge University Press",
}

@inproceedings{wadler89freetheorems,
    address = {New York},
    author = {Wadler, Philip},
    booktitle = {FPCA},
    citeulike-article-id = {70811},
    citeulike-linkout-0 = {http://citeseerx.ist.psu.edu/viewdoc/summary?doi=10.1.1.38.9875},
    keywords = {functional-programming, lambda-calculus},
    pages = {347--359},
    posted-at = {2009-10-14 14:45:03},
    priority = {3},
    publisher = {ACM Press},
    title = {Theorems for Free!},
    url = {http://citeseerx.ist.psu.edu/viewdoc/summary?doi=10.1.1.38.9875},
    year = {1989}
}


@book{appel92continuationsbook,
 author = {Appel, Andrew W.},
 title = {Compiling with continuations},
 year = {1992},
 isbn = {0-521-41695-7},
 publisher = {Cambridge University Press},
 address = {New York, NY, USA},
 }

@inproceedings{fluet01contification,
  author    = {Matthew Fluet and
               Stephen Weeks},
  title     = {Contification Using Dominators},
  booktitle = ICFP,
  year      = {2001},
  pages     = {2-13},
  ee        = {http://doi.acm.org/10.1145/507635.507639},
  bibsource = {DBLP, http://dblp.uni-trier.de}
}


@article{wadler90deforestation,
  author    = {Philip Wadler},
  title     = {Deforestation: Transforming Programs to Eliminate Trees.},
  journal   = {Theor. Comput. Sci.},
  volume    = {73},
  number    = {2},
  year      = {1990},
  pages     = {231-248},
  bibsource = {DBLP, http://dblp.uni-trier.de}
}

@techreport{ our-tr,
    author = "Reichenbach, Christoph and Chang, Bor-Yuh Evan and Diwan, Amer",
    title = "{Algorithmic Optimisation, Step by Step}",
    institution = "University of Colorado at Boulder",
    year = "2009"
}

@techreport{ our-tr-anonymous,
    author = "The Author(s)",
    title = "{Companion Technical Report to this paper}",
    institution = "Institution(s)",
    year = "year"
}


@techreport{talpin91effects,
    author = {Talpin, Jean P. and Jouvelot, Pierre},
    citeulike-article-id = {346024},
    citeulike-linkout-0 = {http://citeseer.ist.psu.edu/talpin92polymorphic.html},
    citeulike-linkout-1 = {http://citeseer.lcs.mit.edu/talpin92polymorphic.html},
    citeulike-linkout-2 = {http://citeseer.ifi.unizh.ch/talpin92polymorphic.html},
    citeulike-linkout-3 = {http://citeseer.comp.nus.edu.sg/talpin92polymorphic.html},
    keywords = {effects, functional, type-inference, typing},
    number = {EMP-CRI E/150},
    posted-at = {2007-07-01 22:11:11},
    priority = {2},
    title = {Polymorphic Type Region and Effect Inference},
    url = {http://citeseer.ist.psu.edu/talpin92polymorphic.html},
    year = {1991}
}


@inproceedings{moggi88monads,
    author = {Eugenio Moggi},
    title = {Computational Lambda-Calculus and Monads},
    booktitle = {},
    year = {1988},
    pages = {14--23},
    publisher = {IEEE Computer Society Press}
}

@inproceedings{damasmilner1982,
        booktitle = {POPL},
        AUTHOR = {Luis Damas and Robin Milner},
        TITLE = {Principal Type-Schemes for Functional Programs},
        YEAR = 1982,
        PAGES = {207-212}
}


@phdthesis{griswold-diss,
 author = {William G. Griswold},
 title = {Program restructuring as an aid to software maintenance},
 year = {1992},
 order_no = {UMI Order No. GAX92-03258},
 publisher = {University of Washington},
 address = {Seattle, WA, USA},
 }

@inproceedings{mccarthy78lisp,
 author = {John McCarthy},
 title = {History of LISP},
 booktitle = "{HOPL-1: The first ACM SIGPLAN conference on History of programming languages}",
 year = {1978},
 pages = {217--223},
 location = {Los Angeles, CA},
 doi = {http://doi.acm.org/10.1145/800025.808387},
 publisher = {ACM Press},
 address = {New York, NY, USA},
 }


@inproceedings{wadler89typeclasses,
 author = {Wadler, P. and Blott, S.},
 title = {How to make ad-hoc polymorphism less ad hoc},
 booktitle = {POPL},
 year = {1989},
 isbn = {0-89791-294-2},
 pages = {60--76},
 location = {Austin, Texas, United States},
 doi = {http://doi.acm.org/10.1145/75277.75283},
 publisher = {ACM},
 address = {New York, NY, USA},
 }

@inproceedings{chen92typeclasses,
 author = {Chen, Kung and Hudak, Paul and Odersky, Martin},
 title = {Parametric type classes},
 booktitle = {LFP '92: Proceedings of the 1992 ACM conference on LISP and functional programming},
 year = {1992},
 isbn = {0-89791-481-3},
 pages = {170--181},
 location = {San Francisco, California, United States},
 doi = {http://doi.acm.org/10.1145/141471.141536},
 publisher = {ACM},
 address = {New York, NY, USA},
 }

@phdthesis{reichenbach-diss,
  author={Christoph Reichenbach},
  title = {Program Metamorphosis},
  year = {2009},
  publisher = {University of Colorado at Boulder}
}

@article{smith90kids,
	 author = {D.R. Smith},
         title = "{KIDS: A Semiautomatic Program Development System}",
	 journal ={IEEE Transactions on Software Engineering},
         volume = {16},
	 issn = {0098-5589},
	 year = {1990},
	 pages = {1024-1043},
	 doi = {http://doi.ieeecomputersociety.org/10.1109/32.58788},
	 publisher = {IEEE Computer Society},
	 address = {Los Alamitos, CA, USA}}


@book{cip85a,
  author = "F.L. Bauer and M. Broy and B. M{\"o}ller and P. Pepper and M. Wirsing and others",
  title = "{The Munich Project CIP. Vol. I: The Wide Spectrum Language CIP-L}",
  address  = "Berlin",
  keywords = "program transformation, CIP",
  number = "183",
  publisher = "Springer Verlag, Berlin, Heidelberg, New York",
  series = "Lecture Notes on Computer Science",
  year = "1985"
}

@book{cip87b,
  author    = {Friedrich L. Bauer and
               Herbert Ehler and
               A. Horsch and
               Bernhard M{\"o}ller and
               Helmuth Partsch and
               O. Paukner and
               Peter Pepper},
  title     = {The Munich Project CIP, Volume II: The Program Transformation
               System CIP-S},
  publisher = {Springer},
  series    = {Lecture Notes in Computer Science},
  volume    = {292},
  year      = {1987},
  isbn      = {3-540-18779-0},
  bibsource = {DBLP, http://dblp.uni-trier.de}
}

@article{cai89rapts,
 author = {Cai, J. and Paige, R.},
 title = {Program derivation by fixed point computation},
 journal = {Sci. Comput. Program.},
 volume = {11},
 number = {3},
 year = {1989},
 issn = {0167-6423},
 pages = {197--261},
 doi = {http://dx.doi.org/10.1016/0167-6423(88)90033-0},
 publisher = {Elsevier North-Holland, Inc.},
 address = {Amsterdam, The Netherlands, The Netherlands},
 }

@inproceedings{park81bisimulation,
 author = {Park, David},
 title = {Concurrency and Automata on Infinite Sequences},
 booktitle = {Proceedings of the 5th GI-Conference on Theoretical Computer Science},
 year = {1981},
 isbn = {3-540-10576-X},
 pages = {167--183},
 publisher = {Springer-Verlag},
 address = {London, UK},
 }


@inproceedings{lerner05rhodium,
  author    = {Sorin Lerner and
               Todd D. Millstein and
               Erika Rice and
               Craig Chambers},
  title     = {Automated soundness proofs for dataflow analyses and transformations
               via local rules.},
  booktitle = {POPL},
  year      = {2005},
  pages     = {364-377},
  ee        = {http://doi.acm.org/10.1145/1040305.1040335},
  bibsource = {DBLP, http://dblp.uni-trier.de}
}



@inproceedings{lerner03cobalt,
  author    = {Sorin Lerner and
               Todd D. Millstein and
               Craig Chambers},
  title     = {Automatically proving the correctness of compiler optimizations.},
  booktitle = {PLDI},
  year      = {2003},
  pages     = {220-231},
  ee        = {http://doi.acm.org/10.1145/781131.781156},
  bibsource = {DBLP, http://dblp.uni-trier.de}
}

@inproceedings{marinov01testera,
 author = {Marinov, Darko and Khurshid, Sarfraz},
 title = "{TestEra: A Novel Framework for Automated Testing of Java Programs}",
 booktitle = {ASE},
 year = {2001},
 pages = {22},
 publisher = {IEEE Computer Society},
 address = {Washington, DC, USA},
 }

@inproceedings{kiezun07advanced-refactor-eclipse,
  author = {Adam Kiezun and Robert M. Fuhrer and Markus Keller},
  title = "{Advanced Refactoring in Eclipse:  Past, Present and Future}",
  booktitle = {First Workshop on Refactoring Tools},
  year = {2007},
  address = {Berlin}
}

@article{hare05api,
  author    = {Huiqing Li and
               Simon Thompson and
               Claus Reinke},
  title     = "{The Haskell Refactorer, HaRe, and its API}",
  journal   = {Electr. Notes Theor. Comput. Sci.},
  volume    = {141},
  number    = {4},
  year      = {2005},
  pages     = {29-34},
  ee        = {http://dx.doi.org/10.1016/j.entcs.2005.02.053},
  bibsource = {DBLP, http://dblp.uni-trier.de}
}

@inproceedings{hare03tool,
 author = {Huiqing Li and Claus Reinke and Simon Thompson},
 title = {Tool support for refactoring functional programs},
 booktitle = {Haskell '03: Proceedings of the 2003 ACM SIGPLAN workshop on Haskell},
 year = {2003},
 isbn = {1-58113-758-3},
 pages = {27--38},
 location = {Uppsala, Sweden},
 doi = {http://doi.acm.org/10.1145/871895.871899},
 publisher = {ACM Press},
 address = {New York, NY, USA},
 }


@inproceedings{henkel05catchup,
  author    = {Johannes Henkel and
               Amer Diwan},
  title     = "{CatchUp!: capturing and replaying refactorings to support
               API evolution}",
  booktitle = {ICSE},
  year      = {2005},
  pages     = {274-283},
  ee        = {http://doi.acm.org/10.1145/1062455.1062512},
  crossref  = {DBLP:conf/icse/2005},
  bibsource = {DBLP, http://dblp.uni-trier.de}
}

@proceedings{DBLP:conf/icse/2005,
  editor    = {Gruia-Catalin Roman and
               William G. Griswold and
               Bashar Nuseibeh},
  title     = {27th International Conference on Software Engineering (ICSE
               2005), 15-21 May 2005, St. Louis, Missouri, USA},
  booktitle = {ICSE},
  publisher = {ACM},
  year      = {2005},
  bibsource = {DBLP, http://dblp.uni-trier.de}
}

@inproceedings{tarau09isomorphisms,
 author = {Tarau, Paul},
 title = {Isomorphisms, hylomorphisms and hereditarily finite data types in Haskell},
 booktitle = {SAC '09: Proceedings of the 2009 ACM symposium on Applied Computing},
 year = {2009},
 isbn = {978-1-60558-166-8},
 pages = {1898--1902},
 location = {Honolulu, Hawaii},
 doi = {http://doi.acm.org/10.1145/1529282.1529706},
 publisher = {ACM},
 address = {New York, NY, USA},
 }

@article{nelson80fastdecision,
 author = {Nelson, Greg and Oppen, Derek C.},
 title = {Fast Decision Procedures Based on Congruence Closure},
 journal = {J. ACM},
 volume = {27},
 number = {2},
 year = {1980},
 issn = {0004-5411},
 pages = {356--364},
 doi = {http://doi.acm.org/10.1145/322186.322198},
 publisher = {ACM},
 address = {New York, NY, USA},
 }

@incollection{klop92term,
  author = {Jan Willem Klop},
  year = 1992,
  title = {Term Rewriting Systems},
  booktitle = {Handbook of Logic in Computer Science},
  editor = {S. Abramsky and D. M. Gabbay and T. S. E. Maibaum},
  publisher = {Oxford University Press},
  volume = 2,
  chapter = 1,
  pages = {1--117},
  address = {Oxford}
}

@incollection{goguen78adj,
	address={Englewood Cliffs, N.J.},
	annote={Algebraic specifications of abstract data types. This is the so-called ADJ paper.},
	author={J. A. Goguen and J. W. Thatcher and E. G. Wagner},
	booktitle={Current Trends in Programming Methodology},
	editor={Raymond T. Yeh},
	key={Goguen \& Thatcher \& Wagner},
	pages={80-149},
	publisher=prentice-hall,
	title={An Initial Algebra Approach to the Specification, Correctness and Implementation of Abstract Data Types},
	volume=4,
	year=1978,
}

@article{visser04stratego,
  author = "E. Visser",
  title = "{P}rogram {T}ransformation with {S}tratego/{XT}: {R}ules, {S}trategies, {T}ools, and
    {S}ystems in {Stratego/XT} 0.9",
  journal = "Lecture Notes in Computer Science",
  volume = "3016",
  pages = "216--238",
  month = "June",
  year = "2004",
  editor = "C. Lengauer et al.",
  url = "citeseer.ist.psu.edu/article/visser04program.html" }


@article{ kahrs97eml,
    author = "Stefan Kahrs and Donald Sannella and Andrzej Tarlecki",
    title = "The definition of {Extended} {ML}: {A} gentle introduction",
    journal = "Theoretical Computer Science",
    volume = "173",
    number = "2",
    pages = "445--484",
    year = "1997",
    url = "citeseer.csail.mit.edu/kahrs95definition.html" }


@inproceedings{spj91unboxed,
    author = {Simon L Peyton Jones and John Launchbury},
    title = {Unboxed values as first class citizens in a non-strict functional language},
    booktitle = {FPCA},
    year = {1991},
    pages = {636--666},
    publisher = {Springer-Verlag New York, Inc.}
}


@article{gillhutton09workerwrapper,
  author    = {Andy Gill and Graham Hutton},
  title     = {The worker/wrapper transformation},
  journal   = {J. Funct. Program.},
  volume    = {19},
  number    = {2},
  year      = {2009},
  pages     = {227-251},
  ee        = {http://dx.doi.org/10.1017/S0956796809007175},
  bibsource = {DBLP, http://dblp.uni-trier.de}
}

@article{sannellatarlecki99algebraic,
 author = {Sannella, Donald and Tarlecki, Andrzei},
 title = {Algebraic methods for specification and formal development of programs},
 journal = {ACM Comput. Surv.},
 issn = {0360-0300},
 pages = {10},
 year = {1999},
 doi = {http://doi.acm.org/10.1145/333580.333589},
 publisher = {ACM},
 address = {New York, NY, USA},
 }

@article{ kahrs98reflections,
    author = "Stefan Kahrs and Donald Sannella",
    title = "Reflections on the Design of a Specification Language",
    journal = "Lecture Notes in Computer Science",
    volume = "1382",
    pages = "154+",
    year = "1998",
    url = "citeseer.ist.psu.edu/63123.html" }

@article{hughes86lists,
 author = {Hughes, R J M},
 title = {A novel representation of lists and its application to the function "reverse"},
 journal = {Inf. Process. Lett.},
 volume = {22},
 number = {3},
 year = {1986},
 issn = {0020-0190},
 pages = {141--144},
 doi = {http://dx.doi.org/10.1016/0020-0190(86)90059-1},
 publisher = {Elsevier North-Holland, Inc.},
 address = {Amsterdam, The Netherlands, The Netherlands},
 }


@book{gansner06smlbasis,
 author = {Emden R. Gansner and John H. Reppy},
 title = "{The Standard ML Basis Library}",
 journal = {J. Funct. Program.},
 volume = {16},
 number = {2},
 year = {2006},
 issn = {0956-7968},
 pages = {250--251},
 doi = {http://dx.doi.org/10.1017/S0956796805235815},
 publisher = {Cambridge University Press},
 address = {New York, NY, USA},
 }

@inproceedings{cocci,
 author = {Brunel, Julien and Doligez, Damien and Hansen, Ren\'{e} Rydhof and Lawall, Julia L. and Muller, Gilles},
 title = {A foundation for flow-based program matching: using temporal logic and model checking},
 booktitle = {POPL},
 year = {2009},
 isbn = {978-1-60558-379-2},
 pages = {114--126},
 location = {Savannah, GA, USA},
 doi = {http://doi.acm.org/10.1145/1480881.1480897},
 publisher = {ACM},
 address = {New York, NY, USA},
 }


@inproceedings{schaefer09rubicon, 
           author = "M. Sch{\"a}fer and
                     M. Verbaere and
                     T. Ekman and
                     O. de Moor",
           title = {{Stepping Stones over the Refactoring Rubicon}}, 
           booktitle = "ECOOP", 
           editor = "Sophia Drossopoulou", 
           year = "2009"} 


@INPROCEEDINGS{necula00translationvalidation,
    author = {George C. Necula},
    title = {Translation Validation for an Optimizing Compiler},
    booktitle = {PLDI},
    year = {2000},
    pages = {83--95}
}

@inproceedings{tristan08translationvalidation,
  author    = {Jean-Baptiste Tristan and
               Xavier Leroy},
  title     = {Formal verification of translation validators: a case study
               on instruction scheduling optimizations},
  booktitle = POPL,
  year      = {2008},
  pages     = {17-27},
  ee        = {http://doi.acm.org/10.1145/1328438.1328444},
  OPTcrossref  = {DBLP:conf/popl/2008},
  bibsource = {DBLP, http://dblp.uni-trier.de}
}

@Article{jwig2003,
  author =       {Aske Simon Christensen and Anders M\o{}ller and Michael I. Schwartzbach},
  title =        {Extending {Java} for High-Level {Web} Service Construction},
  journal =      {ACM Transactions on Programming Languages and Systems},
  year =         {2003},
  month =        {November},
  volume =       {25},
  number =       {6},
  pages =        {814--875},
}

@inproceedings{schaefer08renaming-java, 
    author = "Max Sch{\"a}fer and
              Torbj{\"o}rn Ekman and
              Oege de Moor",
    title = "Sound and {E}xtensible {R}enaming for {J}ava", 
    booktitle = "23rd Annual ACM SIGPLAN Conference on Object-Oriented Programming, Systems, Languages, and Applications (OOPSLA 2008)", 
    editor = "Gregor Kiczales", 
    year = "2008", 
    publisher = "ACM Press"}
