@inproceedings{Olston:2009:GED:1559845.1559873,
 author = {Olston, Christopher and Chopra, Shubham and Srivastava, Utkarsh},
 title = {Generating example data for dataflow programs},
 booktitle = {Proc. 2009 ACM SIGMOD International Conference on Management of Data (SIGMOD)},
 year = {2009},
 pages = {245--256},
 publisher = {ACM},
} 


@article{Abadi:2003:ANM:950481.950485,
 author = {Abadi, Daniel J. and Carney, Don and \c{C}etintemel, Ugur and Cherniack, Mitch and Convey, Christian and Lee, Sangdon and Stonebraker, Michael and Tatbul, Nesime and Zdonik, Stan},
 title = {Aurora: A new model and architecture for data stream management},
 journal = {The VLDB Journal},
 volume = {12},
 number = {2},
 month = aug,
 year = {2003},
 pages = {120--139},
 publisher = {Springer},
} 

@inproceedings{Isard:2007:DDD:1272996.1273005,
 author = {Isard, Michael and Budiu, Mihai and Yu, Yuan and Birrell, Andrew and Fetterly, Dennis},
 title = {Dryad: Distributed data-parallel programs from sequential building blocks},
 booktitle = {Proc. 2nd ACM SIGOPS/EuroSys European Conference on Computer Systems (EuroSys)},
 year = {2007},
 pages = {59--72},
 publisher = {ACM},
} 

@inproceedings{Olston:2008:PLN:1376616.1376726,
 author = {Olston, Christopher and Reed, Benjamin and Srivastava, Utkarsh and Kumar, Ravi and Tomkins, Andrew},
 title = {Pig latin: A not-so-foreign language for data processing},
 booktitle = {Proc. ACM SIGMOD International Conference on Management of Data (SIGMOD)},
 year = {2008},
 pages = {1099--1110},
 publisher = {ACM},
} 

@MISC{Apache:2012:Misc,
title = {Pig Latin Basics},
month = jan,
year = {2012},
howpublished={\url{http://pig.apache.org/docs/r0.9.2/basic.html}}
}

@inproceedings{Sen:2006:CJC:2135909.2135962,
 author = {Sen, Koushik and Agha, Gul},
 title = {CUTE and {jCute}: Concolic unit testing and explicit path model-checking tools},
 booktitle = {Proc. 18th International Conference on Computer Aided Verification (CAV)},
 year = 2006,
 month = aug,
 pages = {419--423},
 publisher = {Springer},
} 

@inproceedings{Tillmann:2008:PWB:1792786.1792798,
 author = {Tillmann, Nikolai and De Halleux, Jonathan},
 title = {Pex: White box test generation for {.Net}},
 booktitle = {Proc. 2nd International Conference on Tests and Proofs (TAP)},
 year = {2008},
 pages = {134--153},
 publisher = {Springer},
} 

@article{visser2003model,
  title={Model checking programs},
  author={Visser, W. and Havelund, K. and Brat, G. and Park, S.J. and Lerda, F.},
  journal={Automated Software Engineering},
  volume={10},
  number={2},
  pages={203--232},
  year={2003},
  publisher={Springer}
}

@inproceedings{Cadar:2008:KUA:1855741.1855756,
 author = {Cadar, Cristian and Dunbar, Daniel and Engler, Dawson},
 title = {KLEE: Unassisted and automatic generation of high-coverage tests for complex systems programs},
 booktitle = {Proc. 8th USENIX Conference on Operating Systems Design and Implementation (OSDI)},
 year = {2008},
 pages = {209--224},
 publisher = {USENIX},
} 

@InProceedings{BCLNS2007,
  author    = {David Brumley and Juan Caballero and Zhenkai Liang and James Newsome and Dawn Song},
  title     = {Towards Automatic Discovery of Deviations in Binary Implementations with Applications to Error Detection and Fingerprint Generation},
  booktitle = {Proc. USENIX Security Symposium},
  year      = 2007,
  month     = aug
}

@MISC{UDF:2012:Misc,
title = {User Defined Functions},
month = jan,
year = {2012},
howpublished={\url{http://pig.apache.org/docs/r0.9.2/udf.html}}
}

@inproceedings{Burch:1994:AVP:647763.735662,
 author = {Burch, Jerry R. and Dill, David L.},
 title = {Automatic verification of Pipelined Microprocessor Control},
 booktitle = {Proc. 6th International Conference on Computer Aided Verification (CAV)},
 year = {1994},
 pages = {68--80},
 publisher = {Springer},
} 

@inproceedings{Bryant:1999:EPE:647768.760730,
 author = {Bryant, Randal E. and German, Steven M. and Velev, Miroslav N.},
 title = {Exploiting Positive Equality in a Logic of Equality with Uninterpreted Functions},
 booktitle = {Proc. 11th International Conference on Computer Aided Verification (CAV)},
 year = {1999},
 pages = {470--482},
 publisher = {Springer},
}


@inproceedings{li10dynamic,
  author = {Chengkai Li and Christoph Csallner},
  title = {Dynamic symbolic database application testing},
  booktitle = {Proc. 3rd International Workshop on Testing Database Systems (DBTest)},
	year = 2010,
  month = jun,
	publisher = {ACM},
}

@inproceedings{emmi07dynamic,
 author = {Emmi, Michael and Majumdar, Rupak and Sen, Koushik},
 title = {Dynamic test input generation for database applications},
 booktitle = {Proc. ACM SIGSOFT International Symposium on Software Testing
    and Analysis (ISSTA)},
 year = 2007,
 month = jul,
 pages = {151--162},
 publisher = {ACM},
}

@inproceedings{binnig07reverse,
  author    = {Carsten Binnig and Donald Kossmann and Eric Lo},
  title     = {Reverse query processing},
  booktitle = {Proc. 23rd International Conference on Data Engineering (ICDE)},
  year      = 2007,
	month     = apr,
  pages     = {506--515},
	publisher = {IEEE},
}

@inproceedings{veanes09symbolic,
  author    = {Margus Veanes and Pavel Grigorenko and Peli de Halleux and 
		Nikolai Tillmann},
  title     = {Symbolic query exploration},
  booktitle = {Proc. 11th International Conference on Formal Engineering
		Methods (ICFEM)},
  year      = 2009,
  month     = dec,
  pages     = {49--68},
	publisher = Springer,	
}
@inproceedings{veanes10qex,
 author = {Veanes, Margus and Tillmann, Nikolai and de Halleux, Jonathan},
 title = {Qex: Symbolic {SQL} query explorer},
 booktitle = {Proc. 16th International Conference on Logic for Programming, 
	Artificial Intelligence, and Reasoning (LPAR)},
 year = 2010,
 month = apr,
 pages = {425--446},
 publisher = {Springer},
} 


@article{DeMoura:2011:SMT:1995376.1995394,
 author = {De Moura, Leonardo and Bj{\o}rner, Nikolaj},
 title = {Satisfiability modulo theories: introduction and applications},
 journal = {Commun. ACM},
 issue_date = {September 2011},
 volume = {54},
 number = {9},
 month = sep,
 year = {2011},
 issn = {0001-0782},
 pages = {69--77},
 numpages = {9},
 url = {http://doi.acm.org/10.1145/1995376.1995394},
 doi = {10.1145/1995376.1995394},
 acmid = {1995394},
 publisher = {ACM},
 address = {New York, NY, USA},
} 

@MISC{Math:2012:Misc,
title = {Commons Math: The Apache Commons Mathematics Library},
month = aug,
year = {2012},
howpublished={\url{http://commons.apache.org/math/}}
}

@MISC{SWIG:2012:Misc,
title = {SWIG: Simplified Wrapper and Interface Generator},
month = apr,
year = {2012},
howpublished={\url{http://www.swig.org/}}
}

@MISC{JNI:2012:Misc,
title = {Java SE 7 Java Native Interface-related APIs and Developer Guides},
year = {2012},
howpublished={\url{http://docs.oracle.com/javase/7/docs/technotes/guides/jni/index.html}}
}

@MISC{Xeger:2012:Misc,
title = {Xeger: A Java library for generating random text from regular expressions},
month = oct,
year = {2009},
howpublished={\url{http://code.google.com/p/xeger/}}
}

@inproceedings{marcozzi12test,
  author    = {Micha{\"e}l Marcozzi and
               Wim Vanhoof and
               Jean-Luc Hainaut},
	title = {Test input generation for database programs using 
		relational constraints},
	booktitle = {Proc. 5th International Workshop on Testing Database 
	Systems (DBTest)},
  year      = 2012,
	month = may,
	publisher = {ACM},	
}

@inproceedings{khalek11systematic,
  author    = {Shadi Abdul Khalek and
               Sarfraz Khurshid},
  title     = {Systematic Testing of Database Engines Using a Relational
               Constraint Solver},
  booktitle = {Proc. 4th International Conference on Software Testing,
               Verification and Validation (ICST)},
  year      = 2011,
	month = mar,
  pages     = {50--59},
	  publisher = {IEEE},
}

@inproceedings{pan11generating,
  author    = {Kai Pan and
               Xintao Wu and
               Tao Xie},
  title     = {Generating program inputs for database application testing},
  booktitle = {Proc. 26th IEEE/ACM International Conference on Automated Software
               Engineering (ASE)},
  year      = 2011,
	month = nov,
  pages     = {73--82},
	publisher = {IEEE},
}


@book{liang09JNI,
 author = {Sheng Liang},
 title = {Java Native Interface: Programmer's Guide and Specification},
 year = 1999,
 month = jun,
 publisher = {Prentice Hall},
} 
@article{tuya10full,
 author = {Tuya, Javier and Su\'{a}rez-Cabal, Mar\'{\i}a Jos{\'e} and 
	de la Riva, Claudio},
 title = {Full predicate coverage for testing {SQL} database queries},
 journal = {Software Testing, Verification \& Reliability (STVR)},
 volume = 20,
 number = 3,
 month = sep,
 year = 2010,
 pages = {237--288},
 publisher = {Wiley},
} 
@inproceedings{karam01testing,
  author    = {Marcel R. Karam and
               Trevor J. Smedley},
  title     = {A Testing Methodology for a Dataflow Based Visual Programming
               Language},
  booktitle = {Proc. IEEE Symposium on Human-Centric Computing
               Languages and Environments (HCC)},
  year      = 2001,
	month = sep,
  pages     = {280--287},
	publisher = {IEEE},
}
@article{karam08unit,
  author    = {Marcel R. Karam and
               Trevor J. Smedley and
               Sergiu M. Dascalu},
  title     = {Unit-level test adequacy criteria for visual dataflow languages
               and a testing methodology},
  journal   = {ACM Transactions on Software Engineering and Methodology (TOSEM)},
  volume    = 18,
  number    = 1,
  year      = 2008,
	month = sep,
}



@inproceedings{Islam:2010:DTC:1868321.1868326,
 author = {Islam, Mainul and Csallner, Christoph},
 title = {Dsc+Mock: a test case + mock class generator in support of coding against interfaces},
 booktitle = {Proceedings of the Eighth International Workshop on Dynamic Analysis},
 series = {WODA '10},
 year = {2010},
 isbn = {978-1-4503-0137-4},
 location = {Trento, Italy},
 pages = {26--31},
 numpages = {6},
 url = {http://doi.acm.org/10.1145/1868321.1868326},
 doi = {10.1145/1868321.1868326},
 acmid = {1868326},
 publisher = {ACM},
 address = {New York, NY, USA},
 keywords = {dynamic symbolic execution, method body generation, mock class generation, test case generation},
} 

@inproceedings{Xiao:2011:PIP:1985793.1985876,
 author = {Xiao, Xusheng and Xie, Tao and Tillmann, Nikolai and de Halleux, Jonathan},
 title = {Precise identification of problems for structural test generation},
 booktitle = {Proceedings of the 33rd International Conference on Software Engineering},
 series = {ICSE '11},
 year = {2011},
 isbn = {978-1-4503-0445-0},
 location = {Waikiki, Honolulu, HI, USA},
 pages = {611--620},
 numpages = {10},
 url = {http://doi.acm.org/10.1145/1985793.1985876},
 doi = {10.1145/1985793.1985876},
 acmid = {1985876},
 publisher = {ACM},
 address = {New York, NY, USA},
 keywords = {data dependency, dynamic symbolic execution, problem identification, structural test generation},
} 

@inproceedings{Borges:2012:SEI:2224481.2224897,
 author = {Borges, Mateus and d'Amorim, Marcelo and Anand, Saswat and Bushnell, David and Pasareanu, Corina S.},
 title = {Symbolic Execution with Interval Solving and Meta-heuristic Search},
 booktitle = {Proceedings of the 2012 IEEE Fifth International Conference on Software Testing, Verification and Validation},
 series = {ICST '12},
 year = {2012},
 isbn = {978-0-7695-4670-4},
 pages = {111--120},
 numpages = {10},
 url = {http://dx.doi.org/10.1109/ICST.2012.91},
 doi = {10.1109/ICST.2012.91},
 acmid = {2224897},
 publisher = {IEEE Computer Society},
 address = {Washington, DC, USA},
 keywords = {testing, symbolic execution, constraint solving},
} 

@inproceedings{Bucur:2011:PSE:1966445.1966463,
 author = {Bucur, Stefan and Ureche, Vlad and Zamfir, Cristian and Candea, George},
 title = {Parallel symbolic execution for automated real-world software testing},
 booktitle = {Proceedings of the sixth conference on Computer systems},
 series = {EuroSys '11},
 year = {2011},
 isbn = {978-1-4503-0634-8},
 location = {Salzburg, Austria},
 pages = {183--198},
 numpages = {16},
 url = {http://doi.acm.org/10.1145/1966445.1966463},
 doi = {10.1145/1966445.1966463},
 acmid = {1966463},
 publisher = {ACM},
 address = {New York, NY, USA},
 keywords = {automated testing, debugging, distributed testing, parallel testing, reliability, scalable testing, symbolic execution, testing in cloud, testing tools, verification},
}

@article{Cadar:2013:SES:2408776.2408795,
 author = {Cadar, Cristian and Sen, Koushik},
 title = {Symbolic execution for software testing: three decades later},
 journal = {Commun. ACM},
 issue_date = {February 2013},
 volume = {56},
 number = {2},
 month = feb,
 year = {2013},
 issn = {0001-0782},
 pages = {82--90},
 numpages = {9},
 url = {http://doi.acm.org/10.1145/2408776.2408795},
 doi = {10.1145/2408776.2408795},
 acmid = {2408795},
 publisher = {ACM},
 address = {New York, NY, USA},
}

@inproceedings{Bucur:2011:PSE:1966445.1966463,
 author = {Bucur, Stefan and Ureche, Vlad and Zamfir, Cristian and Candea, George},
 title = {Parallel symbolic execution for automated real-world software testing},
 booktitle = {Proceedings of the sixth conference on Computer systems},
 series = {EuroSys '11},
 year = {2011},
 isbn = {978-1-4503-0634-8},
 location = {Salzburg, Austria},
 pages = {183--198},
 numpages = {16},
 url = {http://doi.acm.org/10.1145/1966445.1966463},
 doi = {10.1145/1966445.1966463},
 acmid = {1966463},
 publisher = {ACM},
 address = {New York, NY, USA},
 keywords = {automated testing, debugging, distributed testing, parallel testing, reliability, scalable testing, symbolic execution, testing in cloud, testing tools, verification},
} 


